<?xml version="1.0" encoding="UTF-8"?><record xmlns="http://www.loc.gov/MARC21/slim" xmlns:cinclude="http://apache.org/cocoon/include/1.0" xmlns:zs="http://www.loc.gov/zing/srw/">
  <leader>00395cz  a2200121n  4500</leader>
  <controlfield tag="001">n 2001047668</controlfield>
  <controlfield tag="003">DLC</controlfield>
  <controlfield tag="005">20011210080827.0</controlfield>
  <controlfield tag="008">011210n| acannaabn          |n ana      </controlfield>
  <datafield tag="010" ind1=" " ind2=" ">
    <subfield code="a">n 2001047668</subfield>
  </datafield>
  <datafield tag="040" ind1=" " ind2=" ">
    <subfield code="a">DLC</subfield>
    <subfield code="b">eng</subfield>
    <subfield code="c">DLC</subfield>
  </datafield>
  <datafield tag="110" ind1="2" ind2=" ">
    <subfield code="a">Shandong da xue.</subfield>
    <subfield code="b">Hanguo yan jiu zhong xin</subfield>
  </datafield>
  <datafield tag="670" ind1=" " ind2=" ">
    <subfield code="a">Chaoxian wang chao (1392-1910) dui Hua guan de yan bian, 1999:</subfield>
    <subfield code="b">t.p. (Shandong da xue Hanguo yan jiu zhong xin)</subfield>
  </datafield>
</record>